@article{rosenblatt1956,
	ajournal = "Ann. Math. Statist.",
	author = "Rosenblatt, Murray",
	doi = "10.1214/aoms/1177728190",
	journal = "The Annals of Mathematical Statistics",
	month = "09",
	number = "3",
	pages = "832--837",
	publisher = "The Institute of Mathematical Statistics",
	title = "Remarks on Some Nonparametric Estimates of a Density Function",
	url = "http://dx.doi.org/10.1214/aoms/1177728190",
	volume = "27",
	year = "1956"
	}
@article {SJOS:SJOS445,
	author = {DUONG, TARN and HAZELTON, MARTIN L.},
	title = {Cross-validation Bandwidth Matrices for Multivariate Kernel Density Estimation},
	journal = {Scandinavian Journal of Statistics},
	volume = {32},
	number = {3},
	publisher = {Blackwell Publishing Ltd},
	issn = {1467-9469},
	url = {http://dx.doi.org/10.1111/j.1467-9469.2005.00445.x},
	doi = {10.1111/j.1467-9469.2005.00445.x},
	pages = {485--506},
	keywords = {asymptotic, biased, mean integrated squared error, pilot bandwidth, smooth cross-validation, unbiased},
	year = {2005},
	}
